%%%%%%%%%%%%%%%%%%%%%%%%%%%%%%%%%%%%%%%%%%%%%%%%%%%%%%%%%%%%%%%%%%%%%%\

% pokud nechcem aby nam to zmensovalo pismenka v nazvech titulu, 
% tak to obklopit chlupatejma zavorkama

@misc{ housing,
  title = 	 {Boston Housing Data},
  author = 	 { Harrison, D. and Rubinfeld, D.L. },
  year = 	 { 1993},
  howpublished = {online},
  note = 	 {[cit.~2020--27--04] \url{https://archive.ics.uci.edu/ml/machine-learning-databases/housing/} }
},
@misc{ lin_reg,
  title = 	 {Statistics 512: Applied Linear Models},
  author = 	 { Purdue University },
  howpublished = {online},
  note = 	 {[cit.~2020--27--04] \url{https://www.stat.purdue.edu/~boli/stat512/lectures/topic3.pdf} }
},

@misc{ gd_ref,
  title = 	 {Understanding the Mathematics behind Gradient Descent.},
  howpublished = {online},
  note = 	 {[cit.~2020--27--04] \url{https://towardsdatascience.com/understanding-the-mathematics-behind-gradient-descent-dde5dc9be06e} }
},

@misc{ sgd_ref,
  title = 	 {Stochastic Gradient Descent},
  howpublished = {online},
  note = 	 {[cit.~2020--27--04] \url{https://en.wikipedia.org/wiki/Stochastic_gradient_descent} }
}

